@book{1,
author={文寄秋},
title={ERP实务},
address={北京},
publisher={北京大学出版社},
year={2004},
language={Chinese}
}

@book{2,
author={刘中兵},
title={开发者突击：Java Web主流框架整合开发},
edition={第二版},
address={北京},
publisher={电子工业出版社},
year={2011},
language={Chinese}
}

@book{3,
author={Robert C.Martin},
title={Clean Code},
address={US},
publisher={Prentice Hall},
year={2008}
}

@book{4,
author={Tom White},
title={Hadoop The Definitive Guide},
address={US},
publisher={O'REILLY},
year={2009}
}

@article{5,
author={Michael Armbrust and Armando Fox and Rean Griffith and Anthony D.Joseph},
title={A View Of Cloud Computing},
journal={Communications of the ACM},
year={2010},
volume={53(4)},
pages={50-58}
}

@article{6,
author={Konstantin Shvachko and Hairong Kuang and Sanjay Radia and Robert Chansler},
title={The Hadoop Distributed File System},
journal={Mass Storage Systems and Technologies (MSST)},
year={2010},
volume={},
pages={1-10}
}

@article{7,
author={ZONG Sisheng and YU Yongling and SHI Jinfa},
title={Production Management Informationization System Design based on principle of ERP},
journal={System Science,Engineering Design and Manufacturing Informatization(ICSEM)},
year={2010},
volume={},
pages={171-174}
}

@book{8,
author={Bruce Eckel},
title={Thinking in Java},
edition={4th},
address={US},
publisher={Prentice Hall},
year={2006}
}

@book{9,
author={刘鹏},
title={云计算},
address={北京},
publisher={电子工业出版社},
year={2010},
language={Chinese}
}
}
